@book{poldrack2011handbook,
  title={Handbook of functional MRI data analysis},
  author={Poldrack, Russell A and Mumford, Jeanette A and Nichols, Thomas E},
  year={2011},
  publisher={Cambridge University Press}
}

@article{birn2012role,
  title={The role of physiological noise in resting-state functional connectivity},
  author={Birn, Rasmus M},
  journal={Neuroimage},
  volume={62},
  number={2},
  pages={864--870},
  year={2012},
  publisher={Elsevier}
}

@article{cohen1997parametric,
  title={Parametric analysis of fMRI data using linear systems methods},
  author={Cohen, Mark S},
  journal={Neuroimage},
  volume={6},
  number={2},
  pages={93--103},
  year={1997},
  publisher={Elsevier}
}

@article{lowe1998functional,
  title={Functional connectivity in single and multislice echoplanar imaging using resting-state fluctuations},
  author={Lowe, MJ and Mock, BJ and Sorenson, JA},
  journal={Neuroimage},
  volume={7},
  number={2},
  pages={119--132},
  year={1998},
  publisher={Elsevier}
}

@article{dagli1999localization,
  title={Localization of cardiac-induced signal change in fMRI},
  author={Dagli, Mandeep S and Ingeholm, John E and Haxby, James V},
  journal={Neuroimage},
  volume={9},
  number={4},
  pages={407--415},
  year={1999},
  publisher={Elsevier}
}

@article{glover2000image,
  title={Image-based method for retrospective correction of physiological motion effects in fMRI: RETROICOR},
  author={Glover, Gary H and Li, Tie-Qiang and Ress, David},
  journal={Magnetic Resonance in Medicine: An Official Journal of the International Society for Magnetic Resonance in Medicine},
  volume={44},
  number={1},
  pages={162--167},
  year={2000},
  publisher={Wiley Online Library}
}

@article{van2019heartpy,
  title={HeartPy: A novel heart rate algorithm for the analysis of noisy signals},
  author={Van Gent, Paul and Farah, Haneen and Van Nes, Nicole and Van Arem, Bart},
  journal={Transportation research part F: traffic psychology and behaviour},
  volume={66},
  pages={368--378},
  year={2019},
  publisher={Elsevier}
}

 @article{Makowski2021neurokit,
     author = {Dominique Makowski and Tam Pham and Zen J. Lau and Jan C. Brammer and Fran{\c{c}}ois Lespinasse and Hung Pham and Christopher Sch√∂lzel and S. H. Annabel Chen},
     title = {{NeuroKit}2: A Python toolbox for neurophysiological signal processing},
     journal = {Behavior Research Methods},
     volume = {53},
     number = {4},
     pages = {1689--1696},
     publisher = {Springer Science and Business Media {LLC}},
     doi = {10.3758/s13428-020-01516-y},
     year = 2021,
     month = {feb}
 }